<record><leader>02919cam a2200493 i 4500</leader><controlfield tag="001">6815435</controlfield><controlfield tag="003">OCoLC</controlfield><controlfield tag="005">20150210143231.0</controlfield><controlfield tag="008">131226t20152015maua     b    001 0 eng  </controlfield><datafield ind1=" " ind2=" " tag="010"><subfield code="a">  2013050973</subfield></datafield><datafield ind1="7" ind2=" " tag="016"><subfield code="a">101622591</subfield><subfield code="2">DNLM</subfield></datafield><datafield ind1=" " ind2=" " tag="020"><subfield code="a">9781449691301 (pbk.)</subfield></datafield><datafield ind1=" " ind2=" " tag="020"><subfield code="a">1449691307 (pbk.)</subfield></datafield><datafield ind1=" " ind2=" " tag="020"><subfield code="a">9781284038798 (with online access code)</subfield></datafield><datafield ind1=" " ind2=" " tag="020"><subfield code="a">1284038793 (with online access code)</subfield></datafield><datafield ind1=" " ind2=" " tag="035"><subfield code="a">ocn867001199</subfield></datafield><datafield ind1=" " ind2=" " tag="040"><subfield code="a">DNLM/DLC</subfield><subfield code="b">eng</subfield><subfield code="e">rda</subfield><subfield code="c">DLC</subfield><subfield code="d">YDX</subfield><subfield code="d">NLM</subfield><subfield code="d">YDXCP</subfield><subfield code="d">BTCTA</subfield><subfield code="d">GZH</subfield><subfield code="d">GZM</subfield><subfield code="d">OCLCF</subfield><subfield code="d">OCLCO</subfield><subfield code="d">UAB</subfield><subfield code="d">AEU</subfield></datafield><datafield ind1=" " ind2=" " tag="042"><subfield code="a">pcc</subfield></datafield><datafield ind1="0" ind2="0" tag="050"><subfield code="a">RM301.25</subfield><subfield code="b">.P754 2015</subfield></datafield><datafield ind1="0" ind2="0" tag="060"><subfield code="a">2014 E-273</subfield></datafield><datafield ind1="1" ind2="0" tag="060"><subfield code="a">QV 20.5</subfield></datafield><datafield ind1="0" ind2="0" tag="082"><subfield code="a">615.1072/4</subfield><subfield code="2">23</subfield></datafield><datafield ind1=" " ind2=" " tag="090"><subfield code="a">RM 301.25 P754 2015</subfield><subfield code="b">AEU</subfield></datafield><datafield ind1="0" ind2="0" tag="245"><subfield code="a">Principles of research design and drug literature evaluation /</subfield><subfield code="c">edited by Rajender R. Aparasu, MPharm, PhD, FAPhA (Professor and Chair, Department of Pharmaceutical Health Outcomes and Policy, College of Pharmacy, University of Houston, Houston, Texas), John P. Bentley, RPh, PhD, FAPhA (Professor of Pharmacy Administration, Research Professor in the Research Institute of Pharmaceutical Sciences, School of Pharmacy, University of Mississippi, Oxford, Mississippi).</subfield></datafield><datafield ind1=" " ind2="1" tag="264"><subfield code="a">Burlington, MA :</subfield><subfield code="b">Jones &amp; Bartlett Learning,</subfield><subfield code="c">[2015]</subfield></datafield><datafield ind1=" " ind2="4" tag="264"><subfield code="c">&#169;2015</subfield></datafield><datafield ind1=" " ind2=" " tag="300"><subfield code="a">xxx, 370 pages  :</subfield><subfield code="b">illustrations ;</subfield><subfield code="c">26 cm</subfield></datafield><datafield ind1=" " ind2=" " tag="336"><subfield code="a">text</subfield><subfield code="2">rdacontent</subfield></datafield><datafield ind1=" " ind2=" " tag="337"><subfield code="a">unmediated</subfield><subfield code="2">rdamedia</subfield></datafield><datafield ind1=" " ind2=" " tag="338"><subfield code="a">volume</subfield><subfield code="2">rdacarrier</subfield></datafield><datafield ind1=" " ind2=" " tag="504"><subfield code="a">Includes bibliographical references and index.</subfield></datafield><datafield ind1="0" ind2=" " tag="505"><subfield code="a">The scientific approach to research and practice -- Ethical considerations in clinical research -- Research design and methods -- Randomized controlled trials -- Cohort and case-control studies -- Other observational studies -- Case reports and case series -- Measurement and descriptive analysis -- Interpretation and basic statistical concepts -- Bivariate analysis and comparing groups -- Simple and multiple linear regression -- Logistic regression and survival analysis -- Sample size and power analysis -- Systematic review and meta-analysis -- Principles of evidence-based medicine -- Introduction to drug literature -- Evaluating clinical literature : an overview -- Evaluating randomized controlled trials -- Evaluating observational studies -- Applying drug literature to patient care -- Basics of journal club.</subfield></datafield><datafield ind1=" " ind2=" " tag="596"><subfield code="a">42</subfield></datafield><datafield ind1=" " ind2="0" tag="650"><subfield code="a">Drugs</subfield><subfield code="x">Research.</subfield></datafield><datafield ind1=" " ind2="0" tag="650"><subfield code="a">Drugs</subfield><subfield code="x">Research</subfield><subfield code="x">Statistical methods.</subfield></datafield><datafield ind1=" " ind2="0" tag="650"><subfield code="a">Evidence-based medicine.</subfield></datafield><datafield ind1=" " ind2="0" tag="650"><subfield code="a">Pharmacology.</subfield></datafield><datafield ind1="1" ind2="2" tag="650"><subfield code="a">Pharmacology.</subfield></datafield><datafield ind1="1" ind2="2" tag="650"><subfield code="a">Research Design.</subfield></datafield><datafield ind1="2" ind2="2" tag="650"><subfield code="a">Statistics as Topic.</subfield></datafield><datafield ind1="1" ind2=" " tag="700"><subfield code="a">Aparasu, Rajender R.,</subfield><subfield code="e">editor of compilation.</subfield></datafield><datafield ind1="1" ind2=" " tag="700"><subfield code="a">Bentley, John P.</subfield><subfield code="q">(John Paul),</subfield><subfield code="d">1970-</subfield><subfield code="e">editor of compilation.</subfield></datafield><datafield ind1=" " ind2=" " tag="949"><subfield code="a">RM 301.25 P754 2015</subfield><subfield code="h">UAHL-B</subfield><subfield code="i">0162035248440</subfield></datafield><datafield ind1=" " ind2=" " tag="926"><subfield code="a">RM 301.25 P754 2015</subfield><subfield code="w">LC</subfield><subfield code="c">1</subfield><subfield code="i">0162035248440</subfield><subfield code="l">ON_SHELF</subfield><subfield code="m">UAHLTHSC</subfield><subfield code="p">$150.00</subfield><subfield code="r">Y</subfield><subfield code="s">Y</subfield><subfield code="t">BOOK</subfield><subfield code="u">3/4/2015</subfield></datafield></record>